<record><leader>00000cas a22000007a 4500</leader><controlfield tag="001">20942138</controlfield><controlfield tag="008">900123d186518uugauwr ne      0    0eng d</controlfield><datafield ind1=" " ind2=" " tag="010"><subfield code="a">sn 89053739 </subfield></datafield><datafield ind1=" " ind2=" " tag="040"><subfield code="a">NLG</subfield><subfield code="b">eng</subfield><subfield code="c">NLG</subfield><subfield code="d">GUA</subfield><subfield code="d">OCLCQ</subfield></datafield><datafield ind1=" " ind2=" " tag="042"><subfield code="a">msc</subfield></datafield><datafield ind1=" " ind2=" " tag="043"><subfield code="a">n-us-ga</subfield></datafield><datafield ind1="0" ind2=" " tag="130"><subfield code="a">Weekly Atlanta intelligencer (Atlanta, Ga. : 1865)</subfield></datafield><datafield ind1="1" ind2="0" tag="245"><subfield code="a">Weekly Atlanta intelligencer.</subfield></datafield><datafield ind1=" " ind2=" " tag="260"><subfield code="a">Atlanta, Ga. :</subfield><subfield code="b">Jared I. Whitaker</subfield></datafield><datafield ind1=" " ind2=" " tag="300"><subfield code="a">v.</subfield></datafield><datafield ind1=" " ind2=" " tag="310"><subfield code="a">Weekly</subfield></datafield><datafield ind1=" " ind2=" " tag="530"><subfield code="a">Also on microfilm: Athens, Ga. : University of Georgia Libraries, and online.</subfield></datafield><datafield ind1=" " ind2=" " tag="580"><subfield code="a">Daily eds.: Daily intelligencer (Atlanta, Ga. : 1858) &lt;Oct. 18, 1865-Sept 19, 1868&gt;, and: Daily Atlanta intelligencer &lt;Sept. 24, 1868-Apr. 28, 1871&gt;.</subfield></datafield><datafield ind1=" " ind2=" " tag="588"><subfield code="a">Description based on: Vol. 8, no. 11 (Oct. 18, 1865).</subfield></datafield><datafield ind1=" " ind2=" " tag="752"><subfield code="a">United States</subfield><subfield code="b">Georgia</subfield><subfield code="c">Fulton</subfield><subfield code="d">Atlanta.</subfield></datafield><datafield ind1="1" ind2=" " tag="775"><subfield code="t">Daily intelligencer (Atlanta, Ga. : 1858)</subfield><subfield code="w">(DLC)sn 82014304</subfield><subfield code="w">(OCoLC)8776796</subfield></datafield><datafield ind1="1" ind2=" " tag="775"><subfield code="t">Daily Atlanta intelligencer</subfield><subfield code="w">(DLC)sn 89053738</subfield><subfield code="w">(OCoLC)20942169</subfield></datafield><datafield ind1="1" ind2=" " tag="776"><subfield code="t">Weekly Atlanta intelligencer (Atlanta, Ga. : 1865 : Online)</subfield><subfield code="w">(DLC)  2010233929</subfield><subfield code="w">(OCoLC)613211978</subfield></datafield><datafield ind1="0" ind2="0" tag="780"><subfield code="t">Weekly intelligencer (Atlanta, Ga.)</subfield><subfield code="w">(DLC)sn 85038500</subfield><subfield code="w">(OCoLC)12611097</subfield></datafield><datafield ind1="1" ind2=" " tag="029"><subfield code="a">AU@</subfield><subfield code="b">000041189258</subfield></datafield></record>